<?xml version="1.0" encoding="UTF-8" standalone="yes"?>
<ns3:NKSPayment xmlns:ns1="http://rep.oio.dk/oes.dk/nemkonto.ebms/xml/schemas/2006/05/01/" xmlns:ns2="http://rep.oio.dk/oes.dk/nemkonto.swift/xml/schemas/2006/05/01/" xmlns:ns3="http://rep.oio.dk/oes.dk/nemkonto/xml/schemas/2006/05/01/">
	<ns1:MessageHeader ns1:id="C2NKS" ns1:version="2.0">
		<ns1:From>
			<ns1:PartyId>asas</ns1:PartyId>
			<ns1:PartyId>ccx</ns1:PartyId>
		</ns1:From>
		<ns1:To>
			<ns1:PartyId>NKS</ns1:PartyId>
			<ns1:PartyId>5798000016446</ns1:PartyId>
		</ns1:To>
		<ns1:MessageData>
			<ns1:MessageId>C_2017_01_23_22_39_16.xml</ns1:MessageId>
			<ns1:Timestamp>2017-01-23T22:39:16.785+01:00</ns1:Timestamp>
		</ns1:MessageData>
	</ns1:MessageHeader>
	<ns2:GrpHdr>
		<ns2:GrpId>C_2017_01_23_22_39_16.xml</ns2:GrpId>
		<ns2:CreDtTm>2017-01-23T22:39:16.785+01:00</ns2:CreDtTm>
		<ns2:Authstn>c</ns2:Authstn>
		<ns2:CtrlSum>1000.00</ns2:CtrlSum>
		<ns2:NbOfTxs>1</ns2:NbOfTxs>
		<ns2:Grpg>true</ns2:Grpg>
		<ns2:InitgPty>
			<ns2:OrgId>
				<ns2:PrtryId>
					<ns2:Id>c</ns2:Id>
					<ns2:Issr>ADMID</ns2:Issr>
				</ns2:PrtryId>
			</ns2:OrgId>
		</ns2:InitgPty>
	</ns2:GrpHdr>
	<ns2:PmtInf>
		<ns2:ReqdExctnDt>2017-01-24+01:00</ns2:ReqdExctnDt>
		<ns2:PmtMtdByFrstAgt>TRF</ns2:PmtMtdByFrstAgt>
		<ns2:Dbtr>
			<ns2:OrgId>
				<ns2:BkPtyId> xs</ns2:BkPtyId>
			</ns2:OrgId>
		</ns2:Dbtr>
		<ns2:DbtrAcct>
			<ns2:Id>
				<ns2:BBAN>ff</ns2:BBAN>
			</ns2:Id>
		</ns2:DbtrAcct>
		<ns2:DbtPurp>C_2017_01_23_22_39_16.xml</ns2:DbtPurp>
		<ns2:PmtTx>
			<ns2:PmtId>
				<ns2:InstrId>248185274528</ns2:InstrId>
				<ns2:EndToEndId>248185274528</ns2:EndToEndId>
			</ns2:PmtId>
			<ns2:Purp>
				<ns2:Prtry>f</ns2:Prtry>
			</ns2:Purp>
			<ns2:Amt>
				<ns2:InstdAmt Ccy="DKK">1000.00</ns2:InstdAmt>
			</ns2:Amt>
			<ns2:Cdtr>
				<ns2:OrgId>
					<ns2:TaxIdNb>TODO:SE NUMMER</ns2:TaxIdNb>
					<ns2:PrtryId>
						<ns2:Id>12345678</ns2:Id>
						<ns2:Issr>CVR</ns2:Issr>
					</ns2:PrtryId>
				</ns2:OrgId>
			</ns2:Cdtr>
			<ns2:IncompletePaymentIndicator>true</ns2:IncompletePaymentIndicator>
			<ns2:BenefitType>TODO</ns2:BenefitType>
		</ns2:PmtTx>
	</ns2:PmtInf>
</ns3:NKSPayment>